<?xml version="1.0" encoding="UTF-8"?><collection xmlns="http://www.loc.gov/MARC21/slim"><record><leader>00256nam--2200109-i-4500</leader><controlfield tag="001">000015011</controlfield><controlfield tag="002">20161230</controlfield><controlfield tag="005">20161230201031</controlfield><controlfield tag="008">060222s1000------------r-----000-0-eng-d</controlfield><datafield ind1=" " ind2=" " tag="245"><subfield code="a">Dictionar de buzunar roman-englez</subfield></datafield><datafield ind1=" " ind2=" " tag="700"><subfield code="a">Andronescu, Serban</subfield></datafield><datafield ind1=" " ind2=" " tag="852"><subfield code="a">D.632</subfield></datafield></record></collection>